@inproceedings{hpdc,
author = {Tatsuhiro Nakamori and Jun Nemoto and Takashi Hoshino and Hideyuki Kawashima},
title = {Decentralization of Two Phase Locking based Protocols},
year = {2022},
booktitle = {HPDC (poster)},
}

@inproceedings{Bang,
author = {Bang, Tiemo and May, Norman and Petrov, Ilia and Binnig, Carsten},
title = {The Tale of 1000 Cores: An Evaluation of Concurrency Control on Real(Ly) Large Multi-Socket Hardware},
year = {2020},
booktitle = {DaMoN},
articleno = {3},
}

@misc{nakazono,
    title="{NWR: Rethinking Thomas Write Rule for Omittable Write Operations}",
    author={Sho Nakazono and Hiroyuki Uchiyama and Yasuhiro Fujiwara and Yasuhiro Nakamura and Hideyuki Kawashima},
    year={2020},
    eprint={1904.08119},
    archivePrefix={arXiv},
    primaryClass={cs.DB},
    howpublished = {http://arxiv.org/abs/1904.08119}
}

@inproceedings{silo,
  title="{Speedy Transactions in Multicore In-Memory Databases}",
  author={Stephen Tu and Wenting Zheng and Eddie Kohler  and Barbara Liskov and Samuel Madden},
  booktitle={Proc. SOSP},
  year={2013},
}

@article{BCC,
author = {Yuan, Yuan and Wang, Kaibo and Lee, Rubao and Ding, Xiaoning and Xing, Jing and Blanas, Spyros and Zhang, Xiaodong},
title = "{BCC: Reducing False Aborts in Optimistic Concurrency Control with Low Cost for in-Memory Databases}",
year = {2016},
volume = {9},
number = {6},
journal = {PVLDB},
pages = {504--515},
}

@inproceedings{IC3,
  author = {Wang, Zhaoguo and Mu, Shuai and Cui, Yang and Yi, Han and Chen, Haibo and Li, Jinyang},
  title = "{Scaling Multicore Databases via Constrained Parallel Execution}",
  year = {2016},
  booktitle = {SIGMOD Conf.},
  pages = {1643--1658},
}

@inproceedings{ermia,
	Author = {Kim, Kangnyeon and Wang, Tianzheng and Johnson, Ryan and Pandis, Ippokratis},
	Booktitle = {SIGMOD Conf.},
	Date-Added = {2018-04-12 07:08:43 +0000},
	Date-Modified = {2018-04-12 07:08:43 +0000},
	Organization = {ACM},
	Pages = {1675--1687},
	Title = {Ermia: Fast memory-optimized database system for heterogeneous workloads},
	Year = {2016}}

@inproceedings{cicada,
  title="{Cicada: Dependably Fast Multi-Core in-Memory Transactions}",
  author={Hyeontaek Lim and Michael Kaminsky and David G Andersen},
  booktitle = {SIGMOD Conf.},
  pages={21--35},
  year={2017},
}

@article{ccbench,
  title="{An Analysis of Concurrency Control Protocols for In-Memory Databases with CCBench}",
  author={Takayuki Tanabe and Takashi Hoshino and Hideyuki Kawashima and Osamu Tatebe},
  journal={PVLDB},
  pages={3531--3544},
  volume={13},
  number={13},
  year={2020},
}

@misc{nakamori_2022, title={Tatzhiro/ccbench: Concurrency control benchmark}, url={https://github.com/Tatzhiro/ccbench}, journal={GitHub}, author={Nakamori, Tatsuhiro}, year={2022}} 

@misc{mysql, title={Reference Manual, Ver. 8.0, Sec. 15.8.4, Configuring Thread Concurrency for InnoDB}, url={https://dev.mysql.com/doc/refman/8.0/en/innodb-performance-thread_concurrency.html}, journal={MySQL}, author={MySQL}, year={2022}} 

@inproceedings{bamboo,
  author = {Guo, Zhihan and Wu, Kan and Yan, Cong and Yu, Xiangyao},
  title = {Releasing Locks As Early As You Can: Reducing Contention of Hotspots by Violating Two-Phase Locking},
  year = {2021},
  booktitle = {SIGMOD Conf.},
  pages = {658–670},
}

@book{10.5555/2821572,
author = {Weikum, Gerhard and Vossen, Gottfried},
title = {Transactional Information Systems: Theory, Algorithms, and the Practice of Concurrency Control and Recovery},
year = {2001},
isbn = {9780080519562},
publisher = {Morgan Kaufmann Publishers Inc.},
address = {San Francisco, CA, USA}
}

@INPROCEEDINGS{8514866,
  author={Tanaka, Masahiro and Tatebe, Osamu and Kawashima, Hideyuki},
  booktitle={CLUSTER}, 
  title={Applying Pwrake Workflow System and Gfarm File System to Telescope Data Processing}, 
  year={2018},
  volume={},
  number={},
  pages={124-133},
}


@inproceedings{SI,
author = {Berenson, Hal and Bernstein, Phil and Gray, Jim and Melton, Jim and O'Neil, Elizabeth and O'Neil, Patrick},
title = {A Critique of ANSI SQL Isolation Levels},
year = {1995},
booktitle = {SIGMOD Conf.},
pages = {1–10},
numpages = {10},
}

@article{Masumura22,
  author    = {Kosei Masumura and
               Takashi Hoshino and
               Hideyuki Kawashima},
  title     = {Fast Concurrency Control with Thread Activity Management beyond Backoff},
  journal   = {J. Inf. Process.},
  volume    = {30},
  pages     = {552--561},
  year      = {2022},
}

@article{Thomson10,
  author    = {Alexander Thomson and
               Daniel J. Abadi},
  title     = {The Case for Determinism in Database Systems},
  journal   = {PVLDB},
  volume    = {3},
  number    = {1},
  pages     = {70--80},
  year      = {2010},
}

@article{Guo19,
author = {Guo, Jinwei and Cai, Peng and Wang, Jiahao and Qian, Weining and Zhou, Aoying},
title = {Adaptive Optimistic Concurrency Control for Heterogeneous Workloads},
year = {2019},
volume = {12},
number = {5},
journal = {PVLDB},
pages = {584--596},
numpages = {13},
}

@inproceedings{Diaconu13,
author = {Diaconu, Cristian and Freedman, Craig and Ismert, Erik and Larson, Per-Ake and Mittal, Pravin and Stonecipher, Ryan and Verma, Nitin and Zwilling, Mike},
title = {Hekaton: SQL Server's Memory-Optimized OLTP Engine},
year = {2013},
booktitle = {SIGMOD Conf.},
pages = {1243--1254},
numpages = {12},
}

@inproceedings{Neumann15,
  author    = {Thomas Neumann and
               Tobias M{\"{u}}hlbauer and
               Alfons Kemper},
  title     = {Fast Serializable Multi-Version Concurrency Control for Main-Memory
               Database Systems},
  booktitle = {SIGMOD Conf.},
  pages     = {677--689},
  year      = {2015},
}

@Article{STAR,
	Author = {Yi Lu, Xiangyao Yu, Samuel Madden},
	Title = {STAR: Scaling Transactions through Asymmetric Replication},
	Journal = {PVLDB},
	Volume = {12},
	Number = {11},
	Year = {2019},
	Pages = {1316--1329},
}

@inproceedings{zheng2014fast,
	Author = {Zheng, Wenting and Tu, Stephen and Kohler, Eddie and Liskov, Barbara},
	Booktitle = {OSDI},
	Date-Added = {2018-04-16 00:24:06 +0000},
	Date-Modified = {2018-04-16 00:24:06 +0000},
	Pages = {465--477},
	Title = {Fast Databases with Fast Durability and Recovery Through Multicore Parallelism.},
	Year = {2014}}
	
@article{wang2016mostly,
	Author = {Wang, Tianzheng and Kimura, Hideaki},
	Journal = {PVLDB},
	Number = {2},
	Pages = {49--60},
	Title = {Mostly-optimistic concurrency control for highly contended dynamic workloads on a thousand cores},
	Volume = {10},
	Year = {2016}}
	
@article{yu2014staring,
	Author = {Yu, Xiangyao and Bezerra, George and Pavlo, Andrew and Devadas, Srinivas and Stonebraker, Michael},
	Date-Added = {2018-04-12 01:44:45 +0000},
	Date-Modified = {2018-04-12 01:44:45 +0000},
	Journal = {PVLDB},
	Number = {3},
	Pages = {209--220},
	Publisher = {VLDB Endowment},
	Title = {Staring into the abyss: An evaluation of concurrency control with one thousand cores},
	Volume = {8},
	Year = {2014}}
	
@inproceedings{kimura2015foedus,
	Author = {Kimura, Hideaki},
	Booktitle = {SIGMOD Conf.},
	Date-Added = {2018-01-20 09:54:21 +0000},
	Date-Modified = {2018-01-20 09:54:21 +0000},
	Pages = {691--706},
	Title = {FOEDUS: OLTP engine for a thousand cores and NVRAM},
	Year = {2015}}
	
@inproceedings{tictoc,
	Author = {Yu, Xiangyao and Pavlo, Andrew and Sanchez, Daniel and Devadas, Srinivas},
	Booktitle = {SIGMOD Conf.},
	Pages = {1629--1642},
	Title = {Tictoc: Time traveling optimistic concurrency control},
	Year = {2016}}
	
@inproceedings {polyjuice,
	author = {Jiachen Wang and Ding Ding and Huan Wang and Conrad Christensen and Zhaoguo Wang and Haibo Chen and Jinyang Li},
	title = {Polyjuice: High-Performance Transactions via Learned Concurrency Control},
	booktitle = {OSDI},
	year = {2021},
	pages = {198--216},
}

@article{claude2019,
    author = {Barthels, Claude and M\"{u}ller, Ingo and Taranov, Konstantin and Alonso, Gustavo and Hoefler, Torsten},
    title = {Strong Consistency is Not Hard to Get: Two-Phase Locking and Two-Phase Commit on Thousands of Cores},
    year = {2019},
    issue_date = {September 2019},
    publisher = {VLDB Endowment},
    volume = {12},
    number = {13},
    issn = {2150-8097},
    journal = {Proc. VLDB Endow.},
    month = {sep},
    pages = {2325–2338},
    numpages = {14}
}

@article{Eswaran76,
author = {Eswaran, K. P. and Gray, J. N. and Lorie, R. A. and Traiger, I. L.},
title = {The Notions of Consistency and Predicate Locks in a Database System},
year = {1976},
volume = {19},
number = {11},
journal = {Commun. ACM},
pages = {624--633},
}

@inproceedings{Ogura21,
  author    = {Takuto Ogura and
               Yoshiki Akita and
               Yuki Miyazawa and
               Hideyuki Kawashima},
  title     = {Accelerating Geo-Distributed Transaction Processing with Fast Logging},
  booktitle = {{IEEE} BigData},
  pages     = {2390--2399},
  year      = {2021},
}

@InProceedings{adc,
author="Nakamori, Tatsuhiro
and Nemoto, Jun
and Hoshino, Takashi
and Kawashima, Hideyuki",
editor="Hua, Wen
and Wang, Hua
and Li, Lei",
title="Removing Performance Bottleneck of Timestamp Allocation in Two-Phase Locking Based Protocol",
booktitle="Databases Theory and Applications",
year="2022",
publisher="Springer International Publishing",
address="Cham",
pages="201--208"
}

@book{bern1987,
author = {Bernstein, Philip A. and Hadzilacos, Vassco and Goodman, Nathan},
title = {Concurrency Control and Recovery in Database Systems},
year = {1987},
isbn = {0201107155},
publisher = {Addison-Wesley Longman Publishing Co., Inc.},
address = {USA}
}

@article{thom1998,
author = {Thomasian, Alexander},
title = {Concurrency Control: Methods, Performance, and Analysis},
year = {1998},
issue_date = {March 1998},
publisher = {Association for Computing Machinery},
address = {New York, NY, USA},
volume = {30},
number = {1},
issn = {0360-0300},
url = {https://doi.org/10.1145/274440.274443},
doi = {10.1145/274440.274443},
journal = {ACM Comput. Surv.},
month = {mar},
pages = {70–119},
numpages = {50},
keywords = {load control, adaptive methods, queueing network models, concurrency control, data contention, serialiazability, restart-oriented locking methods, thrashing, two-phase processing, deadlocks, wait depth limited methods, flow diagrams, two-phase locking, optimistic concurrency control, Markov chains}
}

@inproceedings{Valov,
author = {Valov, Pavel and Petkovich, Jean-Christophe and Guo, Jianmei and Fischmeister, Sebastian and Czarnecki, Krzysztof},
title = {Transferring Performance Prediction Models Across Different Hardware Platforms},
year = {2017},
booktitle = {Proc. ICPE},
}

@inproceedings{Ottertune,
author = {Van Aken, Dana and Pavlo, Andrew and Gordon, Geoffrey J. and Zhang, Bohan},
title = {Automatic Database Management System Tuning Through Large-Scale Machine Learning},
year = {2017},
isbn = {9781450341974},
booktitle = {Proc. SIGMOD},
}

@book{HighMySQL,
author = {Schwartz, Baron and Zaitsev, Peter and Tkachenko, Vadim},
title = {High Performance Mysql, 3rd Edition},
year = {2012},
isbn = {9780596101718},
publisher = {O'Reilly},
edition = {Third}
}

@article{iTune,
author = {Duan, Songyun and Thummala, Vamsidhar and Babu, Shivnath},
title = {Tuning Database Configuration Parameters with ITuned},
year = {2009},
issue_date = {August 2009},
issn = {2150-8097},
journal = {Proc. VLDB Endow.},
}

@inproceedings{Oracle,
    author = {Karl Dias and Mark Ramacher and Uri Shaft and Venkateshwaran Venkataramani and Graham Wood},
    title = {Automatic Performance Diagnosis and Tuning in Oracle},
    booktitle = {CIDR},
    year = {2005}
}

@inproceedings{Onlinetune,
author = {Zhang, Xinyi and Wu, Hong and Li, Yang and Tan, Jian and Li, Feifei and Cui, Bin},
title = {Towards Dynamic and Safe Configuration Tuning for Cloud Databases},
year = {2022},
booktitle = {Proc. SIGMOD},
}

@misc{mysqlconfig,
    title={Reference Manual, Ver. 8.0, Sec. 5.1.5, Server System Variable Reference}, 
    url={https://dev.mysql.com/doc/refman/8.0/en/server-system-variable-reference.html}, 
    journal={MySQL}, 
    author={Oracle}, 
    year={2023}} 
}

@misc{mysqlinnobuf,
    title={Reference Manual, Ver. 8.0, Sec. 15.14, InnoDB Startup Options and System Variables}, 
    url={https://dev.mysql.com/doc/refman/8.0/en/innodb-parameters.html}, 
    journal={MySQL}, 
    author={Oracle}, 
    year={2023}} 
}

@misc{mysqlinnocon,
    title={Reference Manual, Ver. 8.0, Sec. 15.8.4, Configuring Thread Concurrency for InnoDB}, 
    url={https://dev.mysql.com/doc/refman/8.0/en/innodb-performance-thread_concurrency.html}, 
    journal={MySQL}, 
    author={Oracle}, 
    year={2023}} 
}

@inproceedings{restune,
author = {Zhang, Xinyi and Wu, Hong and Chang, Zhuo and Jin, Shuowei and Tan, Jian and Li, Feifei and Zhang, Tieying and Cui, Bin},
title = {ResTune: Resource Oriented Tuning Boosted by Meta-Learning for Cloud Databases},
year = {2021},
booktitle = {Proc. SIGMOD},
}

@inproceedings{cdbtune,
author = {Zhang, Ji and Liu, Yu and Zhou, Ke and Li, Guoliang and Xiao, Zhili and Cheng, Bin and Xing, Jiashu and Wang, Yangtao and Cheng, Tianheng and Liu, Li and Ran, Minwei and Li, Zekang},
title = {An End-to-End Automatic Cloud Database Tuning System Using Deep Reinforcement Learning},
year = {2019},
booktitle = {Proc. SIGMOD},
}

@inproceedings{jamshidi,
author = {Jamshidi, Pooyan and Siegmund, Norbert and Velez, Miguel and K\"{a}stner, Christian and Patel, Akshay and Agarwal, Yuvraj},
title = {Transfer Learning for Performance Modeling of Configurable Systems: An Exploratory Analysis},
year = {2017},
booktitle = {Proc. ASE},
}

@inproceedings{datareuse,
author = {Jamshidi, Pooyan and Velez, Miguel and K\"{a}stner, Christian and Siegmund, Norbert and Kawthekar, Prasad},
title = {Transfer Learning for Improving Model Predictions in Highly Configurable Software},
year = {2017},
booktitle = {Proc. SEAMS},
}

@inproceedings{l2s,
author = {Jamshidi, Pooyan and Velez, Miguel and K\"{a}stner, Christian and Siegmund, Norbert},
title = {Learning to Sample: Exploiting Similarities across Environments to Learn Performance Models for Configurable Systems},
year = {2018},
booktitle = {Proc. ESEC/FSE},
}

@misc{sysbench, 
title={akopytov/sysbench, https://github.com/akopytov/sysbench}, 
url={https://github.com/akopytov/sysbench}, 
journal={GitHub}, 
author={GitHub}, 
year={2023}} 

@inproceedings{Matsuura,
    author = {Shohei Matsuura and Takashi Miyazaki},
    title = {Real-World Challenges of ML-Based Database Auto-Tuning},
    booktitle = {Proc. PACMI},
    year = {2022}
}

@misc{lineairdb, 
title={LineairDB/LineairDB}, 
url={https://github.com/LineairDB/LineairDB}, 
author={GitHub}, 
year={2023}} 

@misc{ldb-engine, 
title={Tatzhiro/LineairDB-storage-engine, https://github.com/Tatzhiro/LineairDB-storage-engine}, 
url={https://github.com/LineairDB/LineairDB}, 
author={GitHub}, 
year={2023}} 


@article{mysql197,
author = {Zhang, Xinyi and Chang, Zhuo and Li, Yang and Wu, Hong and Tan, Jian and Li, Feifei and Cui, Bin},
title = {Facilitating Database Tuning with Hyper-Parameter Optimization: A Comprehensive Experimental Evaluation},
year = {2022},
issue_date = {May 2022},
publisher = {VLDB Endowment},
issn = {2150-8097},
doi = {10.14778/3538598.3538604},
journal = {Proc. VLDB Endow.},
numpages = {14}
}

@inproceedings{postgre170,
author = {Kanellis, Konstantinos and Alagappan, Ramnatthan and Venkataraman, Shivaram},
title = {Too Many Knobs to Tune? Towards Faster Database Tuning by Pre-Selecting Important Knobs},
year = {2020},
booktitle = {Proc. HotStorage'20},
articleno = {16},
numpages = {1},
}

@article{bhattacharyya,
  author          = {Anil Bhattacharyya},
  journal         = {Bulletin of the Calcutta Mathematical Society},
  title           = {On a Measure of Divergence between Two Statistical Populations Defined by Their Probability Distributions},
  year            = {1943}
}

@article{kldivergence,
  author          = {S. Kullback, R. A. Leibler},
  journal         = {Annals of Mathematical Statistics},
  number          = {1},
  title           = {On Information and Sufficiency},
  volume          = {22},
  year            = {1951},
  pages           = {79-86},
}

@article{kstest,
  author          = {George Marsaglia and Wai Wan Tsang and Jingbo Wang},
  journal         = {Journal of Statistical Software},
  title           = {Evaluating Kolmogorov's Distribution},
  year            = {2003}
}

@article{llamatune,
author = {Kanellis, Konstantinos and Ding, Cong and Kroth, Brian and M\"{u}ller, Andreas and Curino, Carlo and Venkataraman, Shivaram},
title = {LlamaTune: Sample-Efficient DBMS Configuration Tuning},
year = {2022},
issue_date = {July 2022},
publisher = {VLDB Endowment},
volume = {15},
number = {11},
issn = {2150-8097},
doi = {10.14778/3551793.3551844},
journal = {Proc. VLDB Endow.},
pages = {2953–2965},
numpages = {13}
}

@article{stepwise,
  author          = {R. R. Hocking},
  journal         = {Biometrics},
  title           = {A Biometrics Invited Paper. The Analysis and Selection of Variables in Linear Regression},
  year            = {1976},
}

@inproceedings{ycsb,
author = {Cooper, Brian F. and Silberstein, Adam and Tam, Erwin and Ramakrishnan, Raghu and Sears, Russell},
title = {Benchmarking cloud serving systems with YCSB},
year = {2010},
booktitle = {Proc. SoCC},
}

@article{mape,
title = {Another look at measures of forecast accuracy},
journal = {International Journal of Forecasting},
year = {2006},
author = {Rob J. Hyndman and Anne B. Koehler},
}

@book{gp,
author = {Rasmussen, Carl Edward and Williams, Christopher K. I.},
title = {Gaussian Processes for Machine Learning (Adaptive Computation and Machine Learning)},
year = {2005},
isbn = {026218253X},
publisher = {The MIT Press}
}
